@inproceedings{young1994decomposition,
  title={Decomposition and Causality in Partial-order Planning.},
  author={Young, R Michael and Pollack, Martha E and Moore, Johanna D},
  booktitle={AIPS},
  pages={188--194},
  year={1994}
}

@article{jhala2010cinematic,
  title={Cinematic visual discourse: Representation, generation, and evaluation},
  author={Jhala, Arnav and Young, R Michael},
  journal={IEEE Transactions on Computational Intelligence and AI in Games},
  volume={2},
  number={2},
  pages={69--81},
  year={2010},
  publisher={IEEE}
}

@article{galvane2015continuity,
  title={Continuity editing for 3d animation},
  author={Galvane, Quentin and Ronfard, R{\'e}mi and Lino, Christophe and Christie, Marc},
  journal={AAAI (under review)},
  year={2015}
}

@article{young2013plans,
  title={Plans and planning in narrative generation: a review of plan-based approaches to the generation of story, discourse and interactivity in narratives},
  author={Young, R Michael and Ware, SG and Cassell, BA and Robertson, Justus},
  journal={Sprache und Datenverarbeitung, Special Issue on Formal and Computational Models of Narrative},
  volume={37},
  number={1-2},
  pages={41--64},
  year={2013}
}

@article{riedl2010narrative,
  title={Narrative planning: Balancing plot and character},
  author={Riedl, Mark O and Young, Robert Michael},
  journal={JAIR},
  volume={39},
  number={1},
  pages={217--268},
  year={2010}
}

@book{chatman1980story,
  title={Story and discourse: Narrative structure in fiction and film},
  author={Chatman, Seymour Benjamin},
  year={1980},
  publisher={Cornell University Press}
}

@book{genette1983narrative,
  title={Narrative discourse: An essay in method},
  author={Genette, G{\'e}rard},
  year={1983},
  publisher={Cornell University Press}
}
@book{bordwell2013narration,
  title={Narration in the fiction film},
  author={Bordwell, David},
  year={2013},
  publisher={Routledge}
}

@article{penberthy1992ucpop,
  title={UCPOP: A Sound, Complete, Partial Order Planner for ADL.},
  author={Penberthy, J Scott and Weld, Daniel S and others},
  journal={Kr},
  volume={92},
  pages={103--114},
  year={1992}
}

@article{young2007story,
  title={Story and discourse: A bipartite model of narrative generation in virtual worlds},
  author={Young, R Michael},
  journal={Interaction Studies},
  volume={8},
  number={2},
  pages={177--208},
  year={2007},
  publisher={John Benjamins Publishing Company}
}